@online{1,
	author = {Yanni Li and Hui Li and Tihua Duan and Sheng Wang and Zhi Wang and Yang Cheng},
	title = {A Real Linear and Parallel Multiple Longest Common Subsequences (MLCS) Algorithm},
	date = 2016,
	url = {https://www.kdd.org/kdd2016/papers/files/rpp0619-liA.pdf},
}
